3180 5084
212 515 254 564 20
673 487 783 549 m
805 484 899 546 Vm
1192 482 1240 549 [11.
1254 483 1276 534 a.
1291 492 1362 545 7-24.

298 666 389 754 Quid
412 665 449 732 tu
471 664 567 748 agis?

473 769 549 833 ΑΜ.
570 766 731 832 Aetatem
753 759 844 828 haud
867 759 987 826 malam
1011 759 1106 825 male.

491 891 495 897 ·
894 882 896 887 ⁴
974 863 1041 929 ΤΒ.
1061 861 1183 928 Melius
1206 858 1364 926 ominere.

212 979 290 1044 AM.
300 977 428 1044 Verum
452 973 560 1040 dmnis
582 968 741 1058 sapientis
762 971 860 1034 decet
881 966 1028 1034 conferre
1051 977 1084 1033 et
1106 965 1252 1032 iabuiiri.

302 1080 370 1146 Sed
394 1077 603 1164 Plesidippus
625 1076 702 1143 tuos
719 1095 794 1141 erus
817 1073 874 1139 ubi
896 1069 1076 1139 amaibost?

1036 1205 1039 1208 ·
1076 1174 1142 1239 ΤΒ.
1164 1171 1254 1237 Heia
1276 1169 1366 1250 uero,

301 1285 409 1370 Quasi
430 1283 497 1350 ndn
518 1285 562 1350 sit
585 1284 682 1349 intus.

387 1387 465 1452 ΑΜ.
488 1385 608 1470 Neque
629 1385 687 1471 pol
710 1392 761 1450 est
783 1403 890 1468 neque
912 1379 977 1446 huc
1000 1377 1135 1464 quidem
1158 1375 1243 1442 ullus
1266 1375 1366 1441 uenit.
1383 1377 1437 1433 340

214 1492 280 1557 TR.
302 1490 380 1556 Non
403 1489 517 1556 uenit?
716 1526 717 1530 =
1269 1542 1273 1549 .

432 1594 508 1659 AM.
532 1592 623 1658 Vera
644 1589 825 1678 praedicas.
1205 1640 1207 1644 .

759 1697 825 1761 ΤΚ.
850 1688 937 1760 Νοη’
952 1691 1003 1772 est
1026 1712 1146 1772 meum,
1164 1687 1368 1775 Ampelisca.

303 1803 373 1869 Sed
395 1801 495 1887 quem
519 1822 602 1868 mox
624 1811 790 1868 coctumst
812 1796 1012 1885 prendium?

718 1903 794 1969 AM.
818 1903 919 1988 Quod
942 1899 1129 1987 prendium,
1151 1897 1289 1984 opsecrd
1311 1904 1369 1963 te?

216 2012 282 2077 ΤΒ.
303 2012 438 2096 Nempe
460 2008 529 2074 rem
553 2009 702 2073 diuinam
725 2006 832 2073 fecitis
854 2006 931 2072 hic?

838 2109 914 2173 ΑΜ.
938 2108 1029 2192 Quid
1052 2105 1207 2182 semnias,
1227 2104 1370 2171 amdbo?

218 2219 285 2283 ΤΚ.
309 2215 409 2281 Certe
430 2213 495 2279 huc
515 2214 650 2279 Labrax
673 2214 716 2278 ad
740 2211 913 2296 prindium
937 2211 1070 2277 uocduit
1094 2208 1331 2294 Plesidippum,

306 2318 411 2384 Enim
435 2338 547 2383 meum
570 2338 644 2382 erus
667 2314 787 2383 uoster.

608 2420 684 2488 ΑΜ.
705 2421 766 2488 Pol
787 2422 877 2488 haud
900 2418 1049 2487 mirinda
1070 2421 1158 2486 sacta
1179 2419 1283 2487 dicis:
1386 2408 1439 2463 345

307 2530 345 2596 Si
368 2530 449 2596 dees
471 2528 603 2614 decepit
626 2527 660 2594 et
682 2528 843 2603 homines,
865 2526 1020 2594 lendnum
1044 2548 1137 2593 more
1158 2526 1245 2594 fecit.

145 2664 148 2671 <
220 2635 285 2698 TR.
308 2635 386 2700 Non
409 2632 478 2699 rem
501 2635 647 2700 diuinam
668 2633 775 2699 fecitis
797 2632 850 2697 hic
872 2653 932 2697 uos
954 2632 1061 2720 neque
1083 2637 1180 2697 erus?

638 2748 649 2765 ⁸
1047 2757 1063 2816 j
1085 2735 1161 2799 AM.
1188 2731 1373 2799 Hariolere.

220 2842 287 2907 TR.
310 2841 398 2924 Quid
422 2849 459 2905 tu
482 2839 553 2924 egis
575 2839 628 2905 hic
651 2840 772 2924 igitur?

632 2943 707 3007 AM.
729 2933 786 3007 Ex
809 2942 905 3008 malis
927 2941 1041 3007 multis
1064 2951 1220 3027 metuque
1242 2939 1373 3006 summo

308 3045 518 3131 Capitelique
540 3067 585 3110 ex
608 3044 753 3128 periculo
776 3045 874 3111 orbas
896 3044 1067 3130 auxilique
1089 3045 1258 3131 opumque
1280 3044 1344 3110 huc

311 3151 453 3233 Recepit
489 3151 532 3214 ad
565 3170 600 3213 se
633 3148 778 3214 Veneria
808 3149 891 3213 haec
923 3148 1078 3214 sacerdos
1107 3150 1226 3216 meet
1258 3149 1373 3215 Palae-

396 3261 509 3317 stram.
1389 3248 1443 3304 350

221 3355 288 3418 TR.
309 3354 367 3417 An
389 3352 442 3418 hic
466 3350 674 3430 Palaestrast,
701 3351 847 3437 epsecro,
871 3352 918 3418 eri
940 3353 1004 3418 mei
1026 3355 1157 3419 amica?

1113 3454 1189 3520 ΑΜ.
1210 3456 1319 3533 Certo.

222 3560 290 3624 ΤΒ.
312 3558 403 3624 Inest
425 3559 518 3643 lepos
541 3561 574 3624 in
597 3557 714 3625 mintio
736 3570 796 3624 tuo
820 3556 969 3643 megnus,
993 3580 1069 3626 mea
1090 3559 1294 3645 Ampelisca.

312 3662 381 3728 Sed
399 3661 489 3755 istuc
510 3661 846 3752 periclumperlubet
869 3667 960 3746 quod
982 3661 1081 3729 fuerit-
1102 3666 1198 3730 uobis
1220 3662 1310 3731 scire.

224 3764 300 3830 ΑΜ.
313 3752 529 3842 Confrictast,
554 3766 599 3830 mi
623 3763 809 3844 Trachelio,
829 3766 891 3831 hac
914 3765 1011 3833 necte
1034 3769 1127 3833 nauis
1149 3761 1253 3833 nebis.

258 3985 314 4039 887.
331 3992 358 4035 tu
370 3985 424 4051 agis
434 3986 514 4036 Fleck.
528 3985 570 4051 (cſs
580 3988 648 4046 848),
662 3990 722 4046 agis
734 3993 767 4037 tu
778 3988 817 4037 M
891 3992 966 4039 mula
976 3992 1049 4040 male
1061 3990 1094 4041 B.
1212 3993 1267 4045 889.
1286 3996 1378 4052 pleni·

182 4111 184 4116 .
226 4067 330 4122 (lippus
347 4065 386 4115 M.
447 4067 522 4115 Heia
538 4081 607 4115 uero
623 4066 659 4127 D,
678 4069 821 4117 Haluuero
838 4068 893 4118 BC.
1021 4070 1077 4120 840.
1094 4073 1172 4121 ullu·
1188 4074 1304 4130 quidem
1320 4078 1378 4125 huo

226 4142 262 4190 D.
414 4143 469 4192 848.
485 4145 534 4191 hio
544 4145 593 4193 hio
604 4143 636 4192 B.
777 4146 833 4194 844.
851 4147 1253 4206 placidippumudprundium
1262 4155 1378 4202 uocauit

227 4219 355 4280 (uocauit
365 4222 401 4268 ad
412 4223 565 4277 prandium
575 4219 612 4285 B)
624 4220 665 4282 M,
677 4226 772 4286 transp.
784 4221 854 4274 Reiz.
983 4224 1038 4276 848.
1056 4223 1097 4275 hic
1107 4242 1154 4276 om.
1166 4227 1200 4277 B.
1321 4230 1378 4279 849.

228 4296 339 4361 periculo
350 4297 403 4358 FZ,
414 4300 522 4356 periclo
533 4299 572 4349 M.
633 4301 789 4357 auxiliique
801 4300 840 4350 M.
965 4302 1021 4354 uio.
1041 4303 1146 4371 Recepit
1158 4305 1252 4369 D‘FZ,
1264 4308 1378 4366 Recipit

228 4375 268 4429 M.
368 4377 424 4427 851.
440 4379 564 4434 palestra
574 4380 613 4427 ait
624 4377 657 4428 B.
708 4380 815 4429 amotos
826 4378 858 4428 B.
