3180 5084
266 531 306 598 28
734 533 838 594 PLA
860 534 953 595 Vr!
1228 537 1275 606 [11.
1288 541 1314 591 t.
1328 536 1415 602 16-44.

353 701 473 768 Omnis
494 702 545 768 tui
568 701 684 769 similis
705 700 852 788 hospites
874 703 999 771 habeas
1020 704 1092 770 tibi.
1431 696 1486 754 ⁵00

266 801 330 867 LA.
355 800 482 868 Malam
506 802 687 869 Fortunam
710 803 743 868 in
765 802 857 870 aedis
879 816 914 871 te
935 801 1064 870 adduxi
1087 824 1187 872 meas.

353 905 444 988 Quid
468 905 549 970 mihi
573 905 711 973 scelesto
733 906 794 972 tibi
818 918 889 973 erat
911 907 1135 974 auscultatio?

353 1009 488 1094 Quidue
511 1008 588 1076 hinc
610 1011 736 1076 abitio?
769 1009 894 1095 quidue
917 1012 950 1077 in
972 1032 1092 1077 nauem
1116 1009 1303 1077 inscansio?
1371 1030 1375 1036 ·

353 1113 422 1177 Vbi
445 1112 574 1198 perdidi
597 1115 698 1180 etiam
721 1112 796 1199 plds
817 1116 896 1180 boni
918 1137 1019 1200 quam
1043 1115 1214 1181 mihisuit.

268 1216 334 1280 CH.
352 1216 412 1281 Pol
437 1215 583 1282 minume
607 1219 714 1296 miror,
733 1215 827 1284 nauis
849 1220 876 1283 si
900 1217 1035 1310 fractast
1057 1221 1129 1300 tibi,

355 1318 470 1385 Scelus
492 1330 527 1386 te
549 1322 583 1385 et
605 1322 742 1387 sceleste
763 1319 859 1407 parta
881 1343 967 1407 quae
989 1321 1082 1389 uexit
1105 1324 1200 1388 bona.

269 1424 333 1489 LA.
358 1422 496 1490 Pessdm
518 1426 639 1491 dedisti
664 1423 716 1490 me
739 1425 975 1499 blandimentis
998 1428 1073 1494 tuis.

268 1528 335 1594 CH.
353 1528 583 1594 Scelestiorem
607 1529 721 1595 canam
745 1530 861 1596 cenaui
883 1541 976 1598 tuam

355 1632 466 1718 Quam
490 1635 575 1719 quae
598 1635 767 1718 Thyestae
789 1629 958 1721 quandam
981 1636 1135 1720 adposita
1156 1646 1191 1702 et
1213 1634 1362 1701 Tereost.

269 1736 334 1802 La.
359 1738 454 1813 Perii,
473 1735 585 1803 animo
608 1739 695 1804 male
718 1739 776 1805 fit:
804 1738 938 1806 contine
960 1738 1085 1824 quaesd
1107 1750 1217 1823 caput.
1436 1733 1490 1791 5¹⁰

269 1841 337 1906 CH.
354 1840 572 1906 Pulmdneum
595 1843 714 1925 edepol
737 1840 835 1907 nimis
858 1842 957 1908 uelim
979 1842 1144 1908 uomitdm
1167 1865 1290 1908 uomas.

268 1946 334 2009 LA.
359 1944 464 2021 Ehed,
483 1945 651 2025 Palaestra
672 1955 774 2029 atque
797 1924 1000 2031 Ampelisca,
1017 1947 1072 2010 ubi
1093 1945 1172 2011 estis
1193 1952 1301 2012 nunc?

270 2048 337 2114 CH.
355 2047 503 2112 Piscibus
526 2049 559 2113 in
581 2049 650 2113 alto
672 2049 770 2114 credo
793 2050 954 2131 praebent
976 2046 1148 2134 pabulum.

269 2150 334 2218 LA.
359 2148 610 2216 Mendicitatem
634 2152 679 2214 mi
702 2149 853 2234 optulisti
877 2150 977 2234 opera
999 2160 1066 2228 tua,

357 2254 448 2317 Dum
472 2252 538 2319 tuis
559 2254 711 2320 ausculto
734 2253 929 2340 magnidicis
952 2249 1144 2318 mendaciis.

272 2357 340 2423 CH.
357 2357 485 2422 Bonam
509 2356 672 2443 estquod
695 2358 819 2426 habeas
841 2356 982 2443 gratiam
1007 2356 1125 2423 merito
1149 2356 1241 2437 mihi,

359 2462 428 2547 Qui
450 2473 485 2529 te
507 2461 552 2528 ex
574 2423 698 2529 irii'diso
721 2462 845 2529 salsum
868 2465 930 2530 ieci
954 2461 1056 2550 opera
1079 2483 1163 2529 mea.

273 2567 339 2630 LA·
363 2566 456 2649 Quin
475 2576 513 2631 tu
536 2566 613 2632 hinc
636 2568 663 2632 is
686 2590 706 2634 a
729 2568 839 2632 mein
862 2567 1056 2699 maxurpam
1080 2564 1204 2631 malam
1227 2573 1382 2632 crucem?

274 2668 342 2734 CH.
359 2666 446 2734 Eas:
473 2690 596 2754 easque
618 2669 670 2736 ras
692 2671 833 2753 agebam
856 2635 1080 2738 edmaflbdum.

209 2765 211 2768 ⁴
273 2774 338 2837 LA.
363 2770 469 2848 Eheu,
488 2774 561 2856 quis
585 2774 669 2839 uiuit
692 2771 745 2839 ma
769 2774 918 2839 mortalis
941 2772 1112 2841 miserior?

275 2877 343 2943 CH.
361 2875 437 2961 Ego
460 2876 566 2944 mdlto
589 2889 683 2945 tanto
706 2878 854 2943 miserior
874 2900 974 2964 quam
996 2878 1043 2959 tri,
1066 2879 1210 2946 Labrax.

275 2982 340 3044 LA·
364 2980 455 3065 Qui?
1225 2987 1323 3094 wal

450 3085 517 3151 CH.
541 3084 630 3170 Quia
652 3108 716 3172 ego
740 3087 894 3172 indignus
917 3086 1054 3165 simtu
1078 3087 1198 3171 dignus
1221 3085 1279 3170 qul
1301 3086 1373 3151 sies.

277 3189 340 3254 LA.
365 3189 395 3255 O
420 3187 536 3272 scirpe,
556 3190 671 3273 scirpe,
693 3190 793 3255 larido
816 3191 964 3257 fortunas
987 3200 1072 3266 tuas,

363 3291 430 3374 Qui
453 3276 584 3376 semper
603 3314 715 3358 seruas
737 3291 878 3376 glariam
901 3292 1083 3358 aritadinis.

277 3393 344 3458 CH.
361 3393 528 3475 Equidem
553 3414 606 3458 me
627 3396 670 3459 ad
694 3380 932 3519 uelitationerp‘
946 3394 1107 3460 exerceo:
1141 3465 1143 3469 ,

364 3496 453 3559 Nam
477 3494 590 3560 omnia
612 3517 747 3565 corusca
769 3467 1014 3581 piaffi'remore
1037 3495 1176 3561 fabulor.

278 3599 343 3661 LA.
367 3596 508 3681 Edepol,
531 3599 697 3682 Neptune,
720 3621 756 3664 es
778 3601 962 3667 balineator
983 3598 1141 3684 frigidus:

366 3701 452 3765 Cum
476 3700 682 3767 uestimentis
703 3702 881 3788 postquam
904 3705 965 3769 abs
987 3714 1021 3768 te
1043 3703 1119 3781 abii,
1142 3698 1296 3784 al·algeo.

311 3829 367 3878 500.
385 3827 422 3877 tni
433 3828 485 3888 FZ,
496 3831 540 3878 lui
552 3829 590 3879 M.
707 3832 765 3881 502.
782 3833 838 3880 erit
853 3831 909 3881 CD.
1024 3831 1082 3880 508.
1100 3830 1178 3880 abitio
1190 3830 1241 3890 FZ,
1254 3831 1333 3879 abito
1343 3829 1382 3879 M.

279 3907 336 3956 505.
353 3905 400 3955 tibi
413 3905 444 3966 F,
456 3908 499 3954 ibi
509 3907 549 3957 M.
700 3910 757 3960 509.
774 3908 892 3975 adposite
903 3914 929 3959 et
940 3907 1045 3958 Tereost
1056 3906 1126 3958 Koch
1137 3907 1192 3958 and
1200 3906 1342 3972 Nettleship
1353 3906 1433 3968 (inde-

273 3981 430 4049 pendently),
441 3987 602 4042 anteposita
613 3989 656 4034 eet
668 3989 757 4036 Tereo
769 3987 808 4036 M.
918 3987 974 4036 510.
992 3989 1060 4035 Peri
1071 3987 1111 4038 M.
1225 3987 1280 4036 512.
1297 3988 1434 4043 empliroe

279 4061 335 4113 BC.
423 4062 545 4116 518-587.
562 4063 634 4112 Four
640 4071 716 4128 peges
727 4065 756 4114 in
767 4066 812 4125 As,
822 4063 914 4130 lqpible.
1010 4065 1067 4114 518.
1084 4065 1245 4112 macoma
1258 4063 1291 4113 Α.
1378 4064 1434 4114 519.

280 4140 466 4195 MSEASQ.
478 4141 513 4200 A,
528 4141 609 4201 Cana,
621 4144 679 4190 Dae
691 4156 794 4200 eaeque
805 4143 845 4191 M.
964 4142 1019 4192 620.
1038 4143 1183 4190 miserrior
1196 4140 1253 4190 CD.
1376 4141 1433 4190 li‘ll.

280 4217 414 4265 marm
425 4217 488 4265 AM
497 4217 569 4282 (corr.
581 4216 637 4281 Bl).
745 4220 801 4268 nal.
818 4219 910 4276 glorie
920 4220 1118 4267 amaritudinis
1132 4217 1187 4267 CD.
1295 4217 1351 4267 525.
1368 4219 1433 4265 ΔΙ)-

280 4295 569 4344 ommonem
579 4297 613 4356 A,
623 4295 898 4345 etuennnonomM.
961 4295 1401 4347 alumnumalumnum.

281 4372 338 4424 527.
357 4374 613 4423 Bamltmon
624 4375 669 4434 As,
681 4376 829 4425 balneator
840 4375 880 4423 M.
1005 4374 1127 4424 528-588.
1144 4373 1189 4422 Su
1202 4372 1383 4435 cvmnuntaaey.

282 4450 338 4500 628.
357 4453 428 4501 Oum
438 4452 478 4512 M,
490 4454 603 4510 Quom
615 4452 649 4504 A.
749 4452 963 4501 naemu
974 4452 1019 4510 As,
1031 4453 1082 4501 aba
1093 4456 1123 4502 to
1136 4451 1165 4515 (a
1175 4455 1204 4500 lo
1216 4449 1252 4513 B)
1263 4452 1311 4501 ebt
1322 4450 1359 4500 M
1365 4448 1411 4516 (¹¹).
