3180 5084
182 505 217 557 IL
227 507 250 560 8.
263 511 351 561 21-0.
362 507 417 574 15.]
633 494 666 560 R
684 493 790 559 VDE
796 499 836 561 N
840 497 875 562 S.

267 672 357 739 Nam
379 671 462 738 haec
485 670 681 738 litteratast:
712 670 811 756 eipse
834 679 945 735 cantat
966 668 1066 753 qudia
1088 669 1141 732 sit.

228 805 230 809 ·
268 775 341 840 iam
363 774 472 841 hercle
494 773 642 841 euocato
663 774 739 840 hinc
761 773 845 840 haine
867 771 1073 839 sacerdotem
1094 772 1193 850 foras,

267 878 314 943 Vt
336 876 422 944 haine
443 877 582 962 accipiat
605 875 740 942 imam:
773 879 930 943 accedam
952 876 1017 940 huc
1040 873 1083 939 id
1104 874 1193 939 ioris.

269 980 372 1057 Heus,
395 981 445 1045 lxi
469 976 735 1059 Ptolemocratia,
758 1000 840 1062 cape
861 977 948 1043 hanc
971 976 1085 1042 urnam
1108 977 1189 1042 tibi:

269 1080 466 1149 Muliercula
487 1082 573 1148 hanc
597 1081 795 1166 nescioquae
816 1081 881 1146 huc
903 1080 945 1146 ad
969 1102 1023 1145 me
1045 1079 1174 1145 detulit.

193 1202 196 1207 ·
238 1176 240 1182 ’
271 1184 362 1252 lntrd
384 1186 573 1252 ierundast:
603 1184 730 1272 repperi
753 1184 932 1269 negdtium,

271 1288 441 1374 Siquidem
464 1287 516 1354 his
540 1289 622 1354 mihi
646 1290 732 1355 ultro
755 1289 947 1424 adgLeruqda
970 1287 1103 1353 etiamst
1125 1307 1220 1370 aqua.

774 1382 789 1404 ..
835 1385 871 1440 ”l

476 1816 689 1881 LABRAX.
741 1813 1042 1881 CHARMIDES.

536 1960 639 2010 cauo.
787 1956 998 2009 sanamus,

190 2109 252 2173 LA.
275 2107 342 2193 Qui
365 2105 467 2173 homd
488 2129 561 2174 sese
582 2129 648 2173 esse
669 2105 824 2173 miserum
847 2113 881 2171 et
904 2103 1090 2171 mendicdm
1114 2102 1212 2180 uolet,

274 2209 432 2296 Neptuno
455 2213 566 2277 credat
587 2210 660 2277 sese
684 2222 785 2295 atque
807 2209 951 2276 aetatem
975 2230 1091 2275 suam:

274 2315 363 2381 Nam
386 2313 416 2380 si
437 2316 511 2400 quis
534 2336 609 2381 cum
632 2336 673 2381 eo
696 2314 778 2399 quid
801 2316 847 2380 rei
871 2313 1076 2387 comiscuit,

275 2418 332 2483 Ad
351 2416 415 2483 hdc
438 2419 628 2501 exemplum
640 2395 776 2483 ”iiiiiit
797 2416 949 2483 ornatdm
973 2417 1119 2481 domum.

275 2517 415 2603 Edepdl,
440 2520 604 2596 Libertas,
627 2517 772 2603 lepida's,
790 2540 879 2602 quae
900 2516 1081 2600 numquim
1105 2516 1224 2598 pedem

274 2619 419 2713 Voluisti
442 2622 475 2686 in
498 2642 615 2686 nauem
638 2642 712 2687 cum
737 2620 881 2686 Hercule
903 2641 969 2685 una
990 2617 1154 2702 inpdnere.

277 2723 343 2790 Sed
367 2723 424 2789 dbi
448 2725 502 2790 ille
525 2747 617 2791 meus
640 2736 691 2791 est
713 2724 833 2810 hdspes
855 2725 912 2809 qui
936 2745 989 2788 me
1011 2721 1179 2807 perdidit?

276 2827 390 2912 Atque
411 2825 524 2894 eccum
547 2829 678 2894 incedit.

633 2931 700 2995 CH.
722 2929 807 3014 Qud,
831 2930 966 3004 malum,
988 2927 1153 3013 properas,
1178 2925 1339 2988 Labrax?

279 3032 368 3096 Nam
390 3030 544 3115 equidem
568 3040 602 3097 te
625 3054 753 3115 nequeo
776 3031 930 3114 cdnsequi
953 3042 1022 3096 tam
1046 3029 1187 3096 strenue.

194 3133 257 3196 LA.
277 3132 425 3211 Vtinam,
445 3140 479 3199 te
505 3134 595 3217 prius
618 3155 718 3217 quam
741 3155 797 3218 ego
819 3132 924 3198 deuiis
948 3129 1103 3197 uidissem
1128 3129 1220 3207 meis,

279 3232 371 3300 Mald
393 3237 536 3302 cruciatu
561 3238 594 3301 in
617 3236 731 3303 Sicilia
752 3235 942 3319 perbiteres,

278 3338 387 3423 Quem
411 3327 735 3424 prdpterho'fmihi
758 3339 880 3425 dptigit
903 3336 1022 3404 miserti
1046 3305 1134 3401 duali.

195 3442 261 3510 CH.
277 3439 424 3521 Vtinam,
442 3441 548 3527 quom¹
567 3442 600 3522 in
623 3444 715 3510 aedis
739 3464 792 3508 me
814 3442 857 3507 ad
879 3451 915 3507 te
935 3438 1107 3506 adduxisti
1130 3451 1211 3515 tuas,

282 3548 320 3613 In
342 3544 471 3636 carcere
492 3545 551 3613 illo
574 3545 684 3632 pdtius
711 3545 897 3614 cubuissem
920 3546 993 3611 die:

200 3660 209 3728 '¹
260 3653 436 3734 'Deosque
459 3650 643 3716 inmortalis
665 3650 798 3735 quaeso,
819 3652 898 3715 dum
922 3649 1023 3727 uiuis,
1047 3649 1095 3713 uti

226 3853 282 3906 478.
299 3854 408 3902 littorei
419 3856 463 3902 sat
473 3852 507 3912 B,
518 3854 661 3902 litteratas
675 3852 731 3902 CD.
798 3865 881 3908 eapse
892 3850 927 3911 B,
939 3852 1006 3899 abac
1021 3850 1077 3899 CD.
1188 3849 1243 3898 481.
1261 3847 1341 3908 Heus,

186 3930 233 3981 ¹exi
244 3927 328 3996 Seyffi,
340 3931 387 3978 liu
397 3931 422 3979 si
434 3930 467 3989 B,
478 3933 538 3978 lius
554 3931 657 3993 (Heus)
703 3931 729 3978 si
743 3930 790 3979 cl)
804 3926 878 3991 (with
888 3928 976 3991 space).
1041 3928 1164 3983 ptoloma
1177 3925 1341 3988 (ptolomeo)

174 4006 335 4066 ¹mtiaM.
479 4007 601 4057 482-489.
622 4007 744 4070 Ompage
755 4007 784 4054 in
796 4008 840 4063 As,
854 4005 941 4068 moslly
952 4001 1343 4068 illegzlleexceptatleginnings
1421 4034 1423 4038 »

194 4083 224 4150 eff
229 4084 299 4135 lines.
404 4085 465 4134 488.
477 4084 671 4135 lutroierundast
682 4085 731 4134 cod.
744 4089 793 4132 uel.
805 4081 935 4143 Lambini,
948 4084 985 4130 In
997 4083 1198 4138 proferundae
1208 4079 1242 4138 B,
1253 4081 1342 4136 Inpro

226 4163 374 4212 ferundam
388 4162 443 4213 CD.
543 4163 599 4213 480.
616 4177 669 4212 esse
679 4161 763 4224 Beni,
774 4176 821 4211 om.
833 4160 872 4210 M.
922 4162 1027 4209 mirum
1040 4159 1067 4208 C.
1173 4157 1229 4206 490.
1246 4159 1341 4206 hercle

196 4240 234 4299 M,
245 4255 308 4293 corr.
323 4240 392 4291 Cam.
442 4239 500 4291 uni
510 4241 536 4290 B
545 4239 590 4307 (i).
705 4242 762 4290 494.
781 4255 828 4304 ego
843 4240 922 4299 Gaetu,
933 4236 1012 4298 Briae,
1023 4252 1071 4286 om.
1083 4237 1137 4299 M(
1155 4233 1175 4302 ).
1285 4235 1342 4284 495.

196 4320 317 4370 siciliam
327 4319 368 4378 M,
379 4333 442 4370 corr.
457 4320 528 4370 Cam.
635 4317 690 4368 496.
708 4320 799 4376 optigt
813 4318 868 4368 CI).
968 4317 1024 4368 497.
1042 4319 1098 4364 tuas
1111 4314 1190 4374 Cam,
1198 4329 1245 4363 oni.
1254 4315 1293 4363 M.

197 4398 252 4448 498.
269 4398 411 4448 incusare
424 4397 491 4448 CD¹.
591 4397 712 4450 499-017.
733 4397 785 4446 One
790 4402 855 4461 page
866 4395 895 4444 in
906 4396 951 4456 As,
964 4394 1051 4458 mostly
1061 4391 1173 4456 illegible.

1346 871 1400 926 480

1350 2106 1404 2161 485

1352 2619 1408 2675 490

1357 3242 1409 3298 495
