3180 5084
738 491 842 552 ΗΑ
865 491 930 550 VT
935 491 960 551 I
1238 492 1322 560 [Pacu
1338 488 1431 558 ²²·49J

357 666 472 750 Atque
493 661 558 728 hoc
580 662 709 729 scelesti
731 664 763 727 si
783 661 816 726 in
839 661 988 727 animum
1011 656 1171 724 inducunt
1193 679 1300 734 suom,

360 771 476 837 louem
499 766 535 835 se
558 768 689 854 placare
711 765 810 850 posse
832 766 938 843 donis,
960 762 1089 841 hostiis,

358 875 405 941 Et
427 872 564 959 operam
587 883 621 938 et
643 881 815 957 sumptum
838 868 990 954 perdunt.
1021 868 1054 933 id
1078 889 1118 934 eo
1140 864 1188 944 iit,
1208 868 1288 951 quia

358 979 451 1044 Nihil
475 976 505 1042 ei
528 986 736 1061 acceptumst
758 976 779 1041 d
801 975 939 1058 periuris
961 973 1110 1058 supplici.

360 1079 503 1146 Facilius
525 1081 553 1143 si
576 1081 633 1162 qui
655 1077 731 1163 pius
754 1088 804 1142 est
827 1097 847 1141 a
870 1078 933 1154 dis,
952 1074 1151 1159 supplicans,

361 1184 472 1268 Quam
496 1181 554 1265 qui
576 1181 748 1249 scelestust
771 1179 918 1245 inueniet
941 1179 1073 1243 ueniaim
1092 1179 1166 1242 sibi.

360 1285 488 1351 Idcirco
511 1305 631 1349 moneo
654 1282 715 1349 uds
738 1304 801 1366 ego
823 1284 915 1358 haec,
935 1283 992 1365 qui
1016 1280 1095 1346 estis
1116 1281 1195 1345 boni

359 1390 493 1474 Quique
514 1388 660 1453 aetatem
683 1388 782 1471 agitis
805 1386 882 1452 crim
904 1385 1031 1479 pietate
1052 1396 1087 1450 et
1110 1384 1186 1451 crim
1209 1384 1295 1449 fide:

360 1596 516 1663 Retinere
539 1618 648 1682 porro,
669 1595 746 1682 pdst
768 1596 892 1662 iactum
915 1606 953 1661 ut
974 1594 1153 1660 laetemini.

359 1703 467 1781 Nunc,
486 1700 551 1768 huc
573 1723 639 1785 qua
661 1721 760 1767 causa
783 1699 866 1780 ueni,
886 1708 1119 1785 argumentum
1142 1695 1288 1782 eloquar.

448 1805 677 1871 Primumdum
699 1806 775 1870 huic
798 1826 869 1869 esse
892 1801 1013 1867 nomen
1036 1804 1109 1867 urbi
1133 1801 1290 1886 Diphilus

360 1909 507 1994 Cyrenas
530 1911 645 1976 uoluit.
676 1909 741 1975 illic
763 1908 894 1973 habitat
917 1906 1108 1972 Daemones

361 2013 400 2077 In
423 2034 503 2096 agro
526 2015 627 2096 aitque
650 2012 729 2078 uilla
751 2010 918 2096 proxuma
940 2010 1077 2094 propter
1099 2030 1200 2088 mare,

361 2115 474 2180 Senex
496 2117 552 2199 qui
574 2114 639 2180 hric
660 2115 806 2180 Athenis
829 2113 908 2177 exul
931 2114 1033 2191 uenit,
1052 2112 1118 2176 hau
1142 2111 1258 2176 malus

301 2306 304 2311 ¹
360 2218 481 2302 Neque
504 2220 532 2283 is
553 2219 638 2284 adeo
660 2225 795 2302 propter
819 2217 980 2282 malitiam
1002 2213 1111 2298 patrii
1133 2223 1231 2294 caret,

362 2321 429 2387 Sed
452 2324 533 2387 dum
556 2323 637 2386 alios
659 2330 779 2400 seruat,
800 2343 835 2386 se
858 2319 1019 2404 inpediuit
1043 2318 1195 2384 interim:

363 2427 448 2490 Rem
471 2425 556 2490 bene
578 2434 728 2510 paratam
752 2422 910 2489 comitate
934 2422 1089 2506 perdidit.

363 2529 452 2593 Huic
472 2528 575 2593 iiliola
596 2549 664 2592 una
686 2526 781 2611 uirgo
804 2528 901 2611 periit
923 2525 1086 2609 paruola:

363 2632 449 2695 Earn
472 2631 514 2695 de
537 2630 705 2714 praedone
727 2630 778 2695 uir
800 2641 965 2695 mercatur
986 2630 1178 2713 pessumus:

364 2736 397 2800 ls
419 2756 493 2818 earn
516 2734 581 2799 huie
604 2735 754 2818 Cyrenas
776 2732 852 2798 leno
873 2734 1013 2798 aduexit
1035 2731 1206 2815 uirginem.

362 2837 568 2903 Adulescens
591 2838 726 2921 quidam
749 2836 830 2904 ciuis
852 2836 950 2901 huius
973 2819 1110 2902 Atticus

363 2943 449 3010 Earn
472 2942 558 3007 uidit
580 2944 626 3006 ire
648 2964 667 3007 e
689 2942 769 3008 ludo
792 2939 934 3006 fidicinio
957 2941 1107 3008 domum.

366 3049 489 3114 Amdre
511 3048 658 3131 occepit:
690 3046 734 3113 ad
756 3047 910 3112 lenonem
934 3045 1080 3125 deuenit,

363 3153 463 3218 Minis
486 3155 619 3236 triginta
642 3151 705 3217 sibi
728 3153 874 3237 puellam
896 3151 1042 3218 destinat

363 3258 498 3339 Datque
521 3257 718 3323 arrabonem
742 3267 776 3321 et
798 3257 1007 3322 iureiurando
1029 3255 1168 3339 adligat.

364 3361 399 3425 Is
421 3358 507 3439 leno,
528 3370 565 3423 ut
589 3381 624 3423 se
646 3358 830 3443 aequomst,
854 3359 949 3423 fldcci
972 3380 1040 3423 non
1062 3359 1141 3426 iecit
1163 3358 1264 3424 fidem

363 3464 482 3547 Neque
504 3461 594 3546 quod
617 3464 743 3528 iuratus
764 3462 966 3528 Adulescenti
988 3463 1129 3529 dixerat

366 3568 407 3630 Ei
430 3567 500 3632 erdt
522 3567 658 3650 quedam
680 3567 804 3652 hospes
826 3568 886 3652 par
907 3568 968 3645 sui,
991 3567 1123 3634 Siculus
1145 3586 1249 3632 senex

309 3810 349 3858 22.
367 3809 388 3857 si
399 3808 487 3869 Muli,
498 3824 545 3857 om.
561 3809 601 3858 Μ.
693 3804 877 3865 inducnntFL
895 3810 1029 3859 indicunt
1044 3808 1084 3860 Μ.
1261 3809 1301 3860 28.
1318 3811 1430 3867 umere

277 3886 321 3936 8¹.
403 3901 485 3943 posse
496 3890 579 3935 donis
590 3887 624 3947 B,
635 3894 732 3944 posset
743 3890 876 3936 omnibus
890 3887 946 3938 CD.
1102 3888 1142 3936 24.
1159 3890 1305 3944 perfluunt
1315 3889 1355 3948 Μ,
1367 3903 1430 3938 corr.

276 3965 334 4029 Jss.
401 3967 467 4013 ideo
478 3965 518 4025 M,
529 3980 592 4013 corr.
607 3965 665 4015 Gul.
776 3966 816 4015 25.
834 3966 986 4022 aponuru·
997 3964 1038 4027 Μ,
1049 3979 1111 4014 cm.
1125 3964 1196 4015 can.
1216 3958 1219 3965 ’
1307 3968 1347 4016 26.
1364 3968 1430 4023 plus

277 4043 316 4098 Μ,
327 4058 391 4092 corr.
403 4043 431 4092 Z.
560 4045 599 4093 28.
617 4046 771 4101 queuntis
783 4044 899 4104 M‚corr.
912 4044 941 4093 Z.
1068 4044 1108 4092 29.
1126 4058 1191 4092 oum
1201 4045 1307 4100 prototo
1316 4044 1349 4105 B,
1359 4047 1432 4093 oon·

277 4122 400 4175 planetae
413 4119 479 4169 CD‘.
558 4136 615 4170 cum
626 4137 674 4171 om.
686 4122 719 4171 B.
753 4121 832 4184 Aster
840 4121 969 4169 thisuerse
980 4122 1004 4169 A
1016 4120 1086 4168 hosa
1097 4135 1165 4168 verse
1175 4121 1314 4185 beginning
1322 4122 1385 4170 wien
1398 4125 1431 4180 Ψ,

277 4195 473 4245 whundoesnor
482 4198 661 4261 appearinM.
781 4200 821 4247 82.
839 4199 968 4246 Primum
979 4196 1100 4259 ᾱιιωΜ,
1111 4211 1174 4246 corr.
1186 4197 1274 4246 Lansb.
1390 4200 1430 4249 ³8.

277 4275 443 4321 GYBBN—
454 4275 490 4333 A,
502 4275 666 4325 ortanum
734 4274 1045 4334 damnandnm]
1167 4277 1207 4326 ³9.
1225 4291 1273 4323 nnn
1285 4275 1429 4340 Seyffimn.

278 4351 315 4398 Μ
321 4349 367 4412 (*).
483 4354 523 4402 41.
541 4356 650 4402 mmm
662 4354 700 4402 Μ.
818 4355 858 4402 42.
875 4355 979 4402 atticos
992 4353 1033 4411 Μ,
1044 4353 1107 4402 co'n.
1120 4352 1148 4402 ζ
1266 4354 1306 4404 48,
1325 4352 1369 4416 (⁸).

278 4430 316 4477 49.
335 4427 437 4493 quidem
448 4429 532 4495 Seyff„
544 4431 638 4480 om.M.
705 4430 800 4495 parmi
812 4429 1046 4492 &merum
