3180 5084
727 511 833 570 ΡΗ
854 508 949 569 VT!
1086 512 1172 578 [Pseu
1185 511 1271 563 80-1.
1284 513 1307 562 1.
1320 513 1376 563 1-2.
1389 526 1414 577 9.

348 683 555 751 Adulescens
577 681 641 746 huc
664 679 729 743 iam
752 676 916 754 adueniat,
939 695 1038 761 quem
1062 672 1227 752 uidebitis,
1428 698 1464 754 30

348 789 415 873 Qui
439 788 528 852 illim
552 791 729 849 mercatust
751 779 793 845 de
815 780 933 846 lenone
955 779 1125 864 uirginem.

347 891 476 969 Valete
494 900 530 954 ut
552 888 667 954 hostes
691 884 793 951 uestri
815 883 968 950 diffidant
991 884 1064 948 sibi.

581 1171 1084 1183 —......-—..—.-.-..

693 1405 978 1472 SCEPARNIO.

765 1523 912 1576 seuvos.

348 1639 412 1704 Pro
435 1638 469 1701 di
492 1634 691 1714 inmortales,
713 1630 947 1716 tempestatem
970 1630 1183 1718 quoiusmodi

347 1740 525 1828 Neptunus
547 1739 642 1804 nobis
665 1736 762 1803 n6cte
784 1736 846 1803 hac
869 1739 960 1803 misit
982 1737 1156 1823 pr6xuma.

348 1839 493 1913 Detexit
511 1855 631 1910 uentus
653 1842 892 1927 uillam—quid
916 1842 1025 1908 uerbis
1048 1848 1171 1927 opust?
1428 1888 1464 1943 85

346 1952 424 2016 Non
447 1948 566 2015 uentus
589 1948 662 2025 fuit,
684 1968 801 2012 uerum
823 1926 1011 2013 Alcumena
1035 1946 1205 2030 Euripidi:

349 2056 400 2119 Ita
422 2051 529 2119 omnis
551 2055 593 2117 de
616 2060 704 2116 tecto
727 2050 920 2115 deturbauit
941 2048 1116 2133 tegulas-

346 2155 573 2222 Inluetriorem
596 2154 672 2220 sicit
695 2154 877 2238 sestrasque
900 2153 1028 2219 indidit.

720 2426 951 2438 ——.-.-.

346 2623 662 2691 PLESIDIPPVS.
709 2624 992 2691 DAEMONES.
1038 2624 1324 2692 SCEPARNIO.

381 2739 629 2792 iuviuscuus
787 2741 920 2792 seuux.
1113 2740 1260 2793 suevos.

258 2867 316 2930 PL.
345 2867 390 2930 Et
414 2862 473 2929 u6s
497 2886 516 2929 a
538 2864 658 2928 uostris
680 2862 807 2929 ibduxi
830 2863 972 2949 negetiis

345 2971 463 3055 Neque
487 2968 521 3035 id
545 2969 715 3054 processit,
740 2969 805 3053 qui
827 2990 888 3035 uos
909 2969 993 3034 duxi
1014 2967 1128 3054 grith,
1256 2963 1260 2970 ’
1426 2992 1464 3049 90

344 3077 464 3161 Neque
487 3073 578 3160 quiui
601 3074 644 3140 ad
667 3085 801 3162 portum
824 3073 978 3142 lenonem
1001 3072 1213 3162 prehendere.

344 3182 411 3248 Sed
436 3179 511 3247 mea
533 3181 661 3247 desidia
683 3181 777 3267 spem
799 3183 950 3248 deserere
971 3180 1085 3247 milui:

345 3287 397 3349 Eo
420 3283 488 3363 uss,
511 3286 617 3363 amici,
640 3285 767 3350 detinui
789 3286 924 3351 diutius.

343 3389 444 3452 Nunc
465 3387 531 3454 hic
553 3390 596 3454 ad
618 3390 758 3455 Veneris
780 3389 894 3456 sinum
917 3390 1015 3455 uenio
1038 3387 1154 3468 uisere,

343 3493 410 3558 Vbi
434 3490 504 3555 rem
527 3494 672 3558 diuinam
696 3494 731 3558 sk
754 3495 918 3560 facturum
940 3493 1084 3558 dixerat.
1425 3515 1461 3568 95

258 3593 314 3658 Sc.
343 3593 380 3658 Si
401 3591 538 3677 sipiam,
554 3594 618 3659 hoc
641 3599 731 3680 quod
749 3595 977 3662 manditumst
996 3593 1188 3660 concinnem
1206 3594 1324 3660 lutum.

257 3696 315 3759 PL.
345 3697 456 3779 Prope¹
476 3717 529 3761 me
550 3697 605 3761 hic
629 3701 813 3783 nescioquis
835 3697 990 3782 l6quitur.

885 3803 979 3865 ΒΑΕ.
1006 3801 1108 3880 Heus,
1132 3799 1323 3885 Scepimio.

288 4030 327 4078 82.
346 4029 420 4079 uestri
432 4030 483 4090 FZ,
496 4033 597 4080 uestiti
609 4033 648 4083 M.
767 4034 806 4083 88.
825 4033 996 4082 immortalis
1013 4032 1054 4082 M.
1177 4034 1217 4082 88.
1237 4030 1409 4082 Inlustriorem

255 4107 343 4156 Lamb.
362 4107 417 4156 and
431 4109 506 4173 Seyffi
524 4108 744 4174 (independently),
766 4112 942 4160 inlustrioris
958 4111 996 4159 M
1004 4107 1048 4175 (⁸¹).
1119 4108 1252 4175 ieetmsque
1269 4110 1410 4171 Meursius,
1496 4160 1505 4192 ι

253 4185 446 4242 fenestrasque
465 4187 504 4234 M.
565 4189 598 4234 in
610 4188 717 4235 indidit
731 4187 758 4236 C.
869 4190 909 4237 98.
928 4184 973 4250 (*).
1089 4189 1129 4236 96.
1147 4186 1315 4237 mandatumst
1327 4186 1410 4252 Seyffi,

254 4273 299 4308 me
310 4263 462 4310 meutetM
469 4264 479 4323 (
483 4261 593 4327 perhaps
595 4262 669 4326 from
681 4263 721 4313 the
730 4265 882 4314 contractiora
893 4263 1009 4315 medem
1020 4264 1050 4313 in
1061 4264 1102 4312 tie
1112 4263 1260 4329 archetype).
1367 4267 1408 4318 97.

253 4340 320 4387 hine
332 4337 371 4397 M,
383 4353 445 4387 corr.
459 4340 487 4388 Z.
540 4338 600 4389 heus
611 4341 724 4405 sceperio
733 4345 769 4402 (so
779 4342 886 4405 always)
896 4343 927 4403 F,
939 4343 1144 4397 heusoepernio
1153 4342 1185 4398 B.
1198 4344 1301 4391 heusoe
1311 4357 1409 4400 »ωηο

256 4414 285 4473 C,
297 4415 353 4462 heu
363 4418 496 4472 oepernio
505 4416 540 4464 D.
