3180 5084
767 491 876 551 PLA
895 488 991 551 Vr!
1265 492 1326 558 [111.
1338 493 1361 542 4.
1377 504 1449 556 1-15.

473 936 754 1036 Duspouus.
800 936 1010 1003 LABRAX.

375 1063 380 1074 '
483 1075 485 1079 '
557 1065 692 1117 SENEX.
846 1061 955 1113 LENO.
1130 1060 1294 1114 LORARII.

371 1213 674 1282 PALAESTRA.
727 1210 1019 1277 AMPELISCA.
1074 1207 1372 1276 TRACHALIO.

557 1338 742 1392 uvmuuss
766 1338 804 1389 11.
1168 1335 1314 1388 suevos

279 1473 389 1574 ΒΑΕ.
404 1499 471 1573 Exi
492 1529 510 1573 e
525 1507 611 1586 iano,
626 1503 741 1571 eitum
764 1512 957 1587 quantumst
980 1501 1152 1569 hominum
1175 1501 1445 1588 sacrilegissume.

382 1612 453 1678 vos
476 1613 508 1678 in
530 1631 621 1677 aram
643 1608 733 1676 abite
754 1629 890 1675 sessum.
936 1604 994 1674 sed
1018 1608 1074 1674 ubi
1096 1613 1197 1673 sunt?

1075 1711 1141 1775 ΤΕ.
1167 1711 1244 1777 Huc
1268 1709 1401 1795 respice.

295 1820 388 1884 ΒΑΕ.
401 1799 571 1902 Optume:
601 1817 686 1882 istuc
709 1812 926 1880 nolueramus.
970 1812 1047 1880 iube
1063 1815 1164 1879 modo
1179 1814 1315 1882 accedit
1331 1837 1445 1910 prope.

380 1922 457 1987 Tin
480 1918 716 2006 legirupionem
738 1918 792 1983 hic
814 1919 911 1983 nobis
933 1916 1008 1983 cim
1029 1918 1081 1984 dis
1103 1918 1208 1985 iacere
1231 1917 1402 2005 postulas?

382 2026 533 2113 Pignum
558 2026 591 2089 in
615 2046 652 2089 os
676 2021 818 2107 inpinge.

685 2128 750 2191 LA.
774 2127 892 2210 Iniqua
913 2126 1126 2211 haec'pitior
1147 2147 1222 2193 cum
1246 2124 1352 2213 pretio
1375 2138 1443 2195 tuo.
1458 2134 1512 2190 710

295 2236 388 2300 ΒΑΕ.
401 2213 451 2300 At
473 2233 575 2301 etiam
598 2231 769 2297 minititur
790 2232 927 2296 audax?

837 2335 902 2399 LA.
926 2333 983 2399 Ius
1006 2352 1117 2399 meum
1139 2333 1321 2420 ereptumst
1343 2335 1443 2402 mihi:

381 2439 476 2506 Meis
499 2438 579 2503 mihi
602 2436 739 2503 ancillis
762 2437 867 2502 inuito
891 2459 944 2502 me
965 2436 1073 2522 eripis.

976 2540 1042 2605 TR.
1069 2532 1345 2632 Qegio'drbitrum

381 2643 434 2709 Βέ
458 2652 573 2709 senatu
598 2640 777 2724 Cyrenensi
800 2641 951 2724 quemuis
973 2642 1168 2726 opulentum
1191 2645 1307 2719 uirum,

379 2745 418 2814 Si
440 2758 515 2812 tuas
537 2766 610 2811 esse
632 2742 764 2833 oportet
786 2745 863 2809 niue
885 2765 941 2809 eas
963 2742 1037 2808 esse
1058 2755 1191 2828 oportet
1214 2745 1343 2821 liberas,

379 2850 469 2917 Niue
492 2852 524 2914 in
547 2846 709 2915 carcerem
733 2847 889 2932 conpingi
914 2845 978 2912 test
992 2868 1135 2931 aequom
1158 2847 1369 2932 aetatemque
1395 2850 1441 2916 ibi
1455 2856 1509 2912 715

378 2956 430 3022 Te
450 2955 556 3038 eisque
576 2952 737 3032 habitare,
759 2950 864 3018 donec
886 2961 994 3017 totum
1018 2951 1181 3018 circerem
1205 2934 1504 3020 contriueris.¹'“'''‘'

292 3064 356 3127 LA.
379 3059 457 3126 Non
479 3057 580 3123 hodie
602 3057 656 3122 isti
678 3056 729 3123 rei
747 3055 925 3142 auspicaui,
948 3067 985 3124 ut
1008 3056 1083 3123 cum
1106 3058 1255 3124 furcifero
1277 3058 1413 3125 fibuler.

378 3165 428 3230 Te
450 3184 514 3249 ego
536 3160 679 3247 appello.
1344 3219 1349 3228 .

551 3267 644 3329 ΒΑΕ.
669 3263 755 3329 Cum
779 3263 862 3330 istoc
884 3265 1027 3348 primum
1050 3263 1107 3349 qui
1129 3274 1163 3329 te
1185 3265 1278 3336 nouit
1298 3265 1441 3351 disputa.
1481 3295 1484 3301 ·

292 3371 357 3434 LA.
377 3367 505 3434 Tecum
528 3387 602 3450 ago.
1458 3358 1461 3363 ’

365 3471 430 3536 TR.
454 3471 562 3553 Atqui
581 3465 711 3533 mecum
727 3469 939 3551 agundumst.
961 3469 1081 3537 suntne
1097 3470 1173 3536 illae
1188 3468 1326 3537 anciliae
1343 3480 1442 3551 tuae?

291 3575 355 3639 LA.
378 3572 472 3639 Sunt.

349 3677 414 3742 ΤΕ.
430 3675 590 3760 Agedum
600 3695 687 3758 ergo,
699 3672 799 3760 tinge
811 3678 972 3742 utramuis
982 3675 1122 3762 digitulo
1134 3678 1282 3745 minumo
1295 3681 1442 3748 modo-
1454 3695 1507 3752 720

322 3856 377 3910 707.
395 3858 463 3904 eunt
473 3856 529 3902 huo
541 3854 578 3902 M
585 3851 706 3915 (without
716 3853 804 3918 space).
946 3856 1003 3910 709.
1020 3855 1077 3906 Tun
1090 3857 1170 3918 Cam„
1183 3861 1263 3908 iimo
1274 3859 1314 3909 M.
1379 3858 1441 3926 legi·

288 3934 418 3998 rupionem
429 3933 531 3994 Riese
542 3934 694 3988 rupionom
704 3932 744 3980 M.
843 3933 899 3987 710.
918 3935 1044 3992 impingo
1056 3933 1090 3995 B,
1099 3937 1224 3995 inpunsse
1238 3938 1294 3987 CD.
1383 3939 1440 3992 712.

289 4015 369 4062 Meu
380 4013 496 4061 ancillas
508 4013 580 4059 mihi
592 4013 686 4059 inuito
705 4044 710 4057 .
729 4043 735 4058 .
753 4045 759 4058 .
777 4012 864 4066 eripi·
878 4011 934 4060 CI).
1009 4012 1029 4060 I
1036 4011 1099 4062 leave
1108 4014 1223 4077 supplied
1237 4014 1308 4065 Cedo
1319 4015 1441 4068 arbitrum

288 4088 355 4152 cester
365 4088 445 4149 Stuci,
459 4104 505 4139 om.
517 4089 554 4138 M
562 4087 701 4151 (archetype
711 4085 811 4151 desaced
824 4094 853 4137 at
868 4089 918 4137 end
932 4089 963 4155 M
974 4099 1020 4152 712
1029 4087 1060 4154 f).
1107 4091 1141 4140 In
1153 4092 1177 4140 Α
1190 4092 1262 4141 Stud.
1274 4093 1347 4143 reads
1356 4094 1441 4145 doubt-

281 4165 354 4228 fully
364 4168 713 4216 ——uno—-·.
853 4166 908 4219 71³.
926 4169 1066 4216 cirenensi
1077 4168 1115 4216 M
1192 4172 1324 4220 mmm
1333 4175 1381 4237 As,
1392 4189 1440 4227 om.

288 4244 327 4291 M.
448 4244 504 4296 711.
521 4255 568 4291 oen
580 4244 693 4298 oportet
704 4256 766 4290 osse
776 4242 818 4303 M,
828 4247 925 4306 transp.
939 4244 966 4293 Z.
1081 4245 1137 4300 710.
1155 4248 1249 4298 Nouio
1260 4252 1292 4298 in
1302 4263 1442 4301 onoerem

288 4320 423 4382 conpingi
434 4323 477 4368 ost
488 4332 607 4376 aequom
619 4320 732 4382 (aequm
746 4319 805 4383 CB)
819 4320 856 4379 M,
870 4325 969 4384 transp,
982 4321 1036 4371 Uss.
1050 4321 1128 4385 (Niue
1139 4325 1232 4388 Anii).
1384 4328 1440 4382 719.

288 4396 389 4447 Broken
401 4396 454 4447 into
464 4401 513 4447 two
523 4397 587 4447 lines
597 4396 626 4446 in
637 4398 682 4446 As.
817 4399 874 4452 720.
890 4399 997 4463 agedum
1009 4401 1040 4464 F,
1052 4405 1192 4461 ezendum
1203 4404 1242 4454 M.
