3254 5084
205 497 255 554 111.
267 499 290 549 e.
302 497 404 564 3453]
651 492 684 552 R
702 493 859 558 VDEN
864 492 897 557 S.

292 661 388 726 Bono
409 660 521 728 animo
544 661 676 728 meliust
699 671 734 727 te
756 661 789 727 ln
813 683 949 728 neruom
972 662 1167 751 conrepere:

291 764 370 830 Tibi
392 762 513 851 optigit
534 767 626 850 quod
647 764 791 853 plurumi
814 764 979 852 exoptant
1000 767 1072 835 sibi.

156 907 159 912 -
206 867 271 932 LA·
291 867 381 952 Quid
405 868 439 935 id
462 868 538 935 est?

476 969 541 1036 CH.
564 972 613 1036 Vt
635 972 668 1036 id
692 972 782 1054 quod
805 970 964 1055 quaerant
986 971 1157 1039 inueniant
1179 975 1252 1039 sibi.

207 1071 271 1135 LA.
292 1071 448 1155 Sequere,
470 1071 618 1158 opsecro,
641 1095 701 1139 me.

629 1176 698 1243 CH.
722 1173 849 1242 Pariter
869 1177 997 1258 suades,
1019 1178 1124 1263 quallis
1146 1198 1201 1246 es:
1364 1189 1418 1246 875

292 1278 345 1344 Tu
368 1278 402 1363 in
424 1278 560 1347 neruum
582 1301 716 1365 rapere:
746 1301 787 1346 eo
810 1302 864 1347 me
885 1279 1039 1365 opsecras
1060 1293 1097 1349 ut
1119 1282 1154 1350 te
1176 1291 1318 1369 sequar?

207 1384 267 1448 PL.
291 1382 404 1449 Etiam
427 1392 595 1452 retentas?
665 1379 667 1383 ’

357 1517 358 1520 “
502 1503 504 1506 ’
528 1490 594 1556 LA.
617 1487 711 1555 Perii.

640 1591 708 1658 CH.
730 1593 856 1658 Verum
879 1592 923 1660 sit
944 1594 1052 1661 uelim.

207 1693 267 1756 PL.
291 1693 343 1757 Tu
366 1692 441 1758 mea
465 1693 633 1760 Palaestra
655 1701 689 1758 et
710 1673 914 1779 Ampelisca,
937 1696 1062 1762 ibidem
1085 1695 1161 1762 ilico

294 1794 440 1871 Manete,
462 1796 617 1861 donicum
638 1793 704 1861 hdc
724 1797 834 1862 redeo.

766 1898 832 1965 Lo.
856 1899 1022 1983 Equidem
1045 1898 1170 1966 suddeo

291 1999 339 2064 Vt
360 1998 404 2067 ad
427 2021 489 2066 nos
510 2001 633 2067 abeant
656 1999 776 2088 pdtius,
800 2002 881 2067 dum
903 2001 1029 2088 recipis.
1523 2067 1525 2072 .

965 2107 1025 2171 PL.
1050 2107 1179 2174 Placet:
1365 2118 1418 2174 880

293 2206 384 2273 Bene
404 2207 520 2274 facitis.
1151 2251 1155 2259 ·

450 2312 517 2378 LA.
541 2312 642 2378 Fures
665 2312 710 2377 mi
733 2311 821 2378 estis.
1335 2365 1342 2375 ,

749 2416 815 2482 Lo.
839 2417 929 2502 Quid
952 2416 1099 2483 ‘iures'?
1128 2440 1215 2504 rape.

206 2517 272 2585 LA.
292 2516 370 2596 Oro,
396 2516 540 2601 dpsecro,
564 2517 740 2584 Palaestra.

680 2622 740 2688 PL.
765 2622 919 2707 Sequere,
941 2622 1110 2691 cdrnuiex.

206 2724 271 2790 LA·
294 2722 471 2808 Hospes-

408 2829 476 2895 ΕΗ.
501 2828 579 2894 Non
601 2850 675 2894 sum
697 2829 834 2914 hospes:
864 2829 1002 2917 repudio
1024 2832 1205 2917 hospitidm
1228 2844 1329 2900 tuom.

208 2932 273 2996 LA.
294 2931 404 2998 Sicine
426 2954 479 2999 me
501 2933 666 3017 spernisi.

580 3035 648 3101 CH.
673 3036 730 3102 Sic
745 3058 837 3120 ago:
867 3035 972 3102 semel
992 3037 1071 3102 bibi.

207 3136 272 3202 LA.
292 3137 338 3201 Di
359 3147 394 3203 te
412 3136 592 3204 infelicent.

530 3240 599 3308 cn.
623 3222 684 3307 isti
706 3242 806 3326 capiti
828 3241 941 3338 aleno.
990 3279 1012 3293 »
1079 3325 1080 3329 q
1364 3259 1417 3314 os

293 3345 402 3411 Credo
424 3343 524 3411 allium
547 3347 580 3410 in
602 3345 701 3411 aliam
724 3344 857 3411 beluam
879 3345 1046 3411 hominem
1068 3344 1209 3412 udrtier:

293 3448 366 3515 Illic
388 3447 421 3514 ln
442 3448 643 3527 columbum,
668 3447 779 3529 credo,
801 3449 876 3515 leno
899 3447 1056 3516 udrtitur:

292 3553 382 3617 Nam
404 3552 438 3616 in
461 3551 654 3649 cQfiri
676 3552 798 3619 collum
820 3553 910 3618 haud
933 3553 1040 3618 multo
1060 3550 1138 3636 post
1159 3554 1230 3619 erit.

294 3657 333 3721 In
356 3654 494 3721 neruom
516 3656 571 3722 ille
592 3656 692 3722 hodie
713 3655 906 3722 nidamenta
928 3655 1094 3742 congeret.

291 3758 418 3824 Vertlm
439 3769 550 3826 tamen
569 3761 637 3840 ibo,
660 3760 690 3825 ei
713 3758 896 3825 aduocatos
918 3758 955 3826 dt
978 3761 1070 3839 siem,

293 3860 330 3926 Si
348 3859 410 3957 qul
431 3881 505 3926 mea
526 3883 627 3946 opera
650 3861 913 3988 estius-ffliffb
920 3869 1040 3946 potest

221 4004 224 4011 ’
239 4011 295 4066 878.
312 4013 414 4061 mellus
426 4016 453 4062 st
463 4012 519 4063 cl).
594 3992 827 4063 donamina
839 4014 873 4074 A,
886 4027 1031 4070 corrupere
1039 4011 1074 4075 B,
1085 4014 1225 4070 corripere
1239 4012 1296 4062 ΟΒ.

208 4088 265 4143 875.
282 4089 384 4140 obsecro
402 4106 444 4140 me
465 4090 544 4151 Cam,
556 4093 700 4140 obsecrem
719 4091 754 4154 B,
773 4093 889 4140 obsecro
903 4091 966 4140 cl).
1131 4089 1188 4144 877.
1204 4090 1255 4140 PL.
1272 4090 1353 4141 Hert.

239 4167 298 4220 CH.
310 4168 365 4219 FZ.
487 4170 543 4223 878.
562 4168 612 4219 PL.
625 4169 677 4220 FZ.
803 4168 859 4223 879.
876 4166 993 4219 donicum
1003 4167 1052 4218 hue
1062 4168 1211 4234 Mttleshr'p,
1222 4170 1291 4217 dum
1302 4181 1355 4226 sco

207 4248 262 4296 buo
273 4247 307 4309 B,
319 4248 388 4296 dum
399 4262 451 4306 ego
462 4250 529 4299 huto
543 4248 571 4305 C.
582 4251 651 4298 dum
662 4250 717 4297 huo
728 4243 878 4312 ossoDG).
976 4249 1024 4298 881
1038 4242 1084 4312 (¹⁸¹).
1184 4247 1240 4297 884.
1260 4249 1356 4296 sicine

207 4325 265 4387 DZ,
278 4327 457 4376 SlooineBC.
523 4327 543 4376 J
550 4325 612 4376 haue
622 4326 725 4376 wn'tten
735 4324 789 4376 bibi
793 4324 842 4391 sor
851 4327 921 4375 blbo
931 4326 969 4374 M
972 4321 1018 4389 (*).
1134 4326 1191 4376 888.
1208 4323 1356 4375 collumbari

207 4403 286 4468 Brr'x,
297 4406 453 4454 columbari
464 4404 504 4463 M,
513 4403 594 4455 l'tr'sc.
659 4403 740 4454 collus
750 4402 936 4454 baudmultum
946 4402 1027 4456 msc.
1134 4405 1192 4454 891.
1208 4403 1311 4453 adduol
1321 4401 1355 4452 B.
