3180 5084
270 513 288 574 8
739 510 770 571 P
778 508 844 571 LA
865 508 959 569 VT!
1251 511 1285 578 [1.
1297 514 1322 562 2.
1335 520 1425 575 ³³·57·

356 680 446 748 Volo
468 699 532 765 ego
554 677 599 745 ἐκ
621 687 665 745 te.

49 802 78 868 ‘l
130 865 142 875 ,
219 827 252 867 χ
574 784 668 849 ΒΑΕ.
692 782 836 848 Dabitur
852 777 964 866 (Spera,
984 787 1084 864 atque
1106 778 1139 843 in
1162 777 1312 863 negatiof

93 930 99 963 .
143 871 329 956 χ’7)30.
361 888 452 972 Quin
473 897 510 952 tu
534 885 576 976 in¹
590 884 748 972 paludem
771 886 799 950 is
821 884 1001 968 exicasque
1022 881 1249 960 harundinem,

358 991 425 1075 Qui
449 990 659 1076 pertegamus
681 988 904 1070 usslam,=dum
927 984 1103 1052 sudumst?
1329 982 1332 988 ’

977 1090 1071 1154 ΒΑΕ.
1094 1089 1195 1155 Tace.

359 1197 412 1260 Tu
433 1195 561 1280 siquid
584 1215 668 1280 opus
691 1203 740 1259 est
762 1192 844 1257 dice.

749 1298 806 1360 PL.
831 1296 895 1361 Dic
918 1296 1009 1378 quod
1031 1293 1065 1360 te
1088 1314 1177 1379 rogo,
1211 1280 1220 1303 ’

358 1398 509 1486 Ecquem
530 1409 567 1466 tu
590 1400 644 1467 hic
665 1399 835 1465 hominem
856 1397 1010 1483 crispum,
1031 1399 1185 1463 incanum
1209 1395 1337 1478 uideris,
1441 1394 1496 1449 125

359 1503 497 1582 Malim,
520 1505 697 1591 periurum,
718 1502 936 1589 palpatorem,

839 1609 933 1673 ΒΑΕ.
958 1606 1150 1674 Plirrumos:

358 1716 449 1782 Nam
473 1736 535 1800 ego
557 1712 693 1800 pr6pter
716 1713 879 1780 eiusmodi
900 1713 989 1780 uiros
1012 1712 1090 1779 uiuri
1113 1713 1220 1779 miser.

272 1820 333 1885 PL.
361 1821 429 1884 Hic
452 1819 537 1899 dico,
558 1821 591 1884 in
612 1819 726 1885 sanum
746 1817 887 1884 Veneris
911 1819 968 1903 qui
990 1816 1197 1883 mulierculas

359 1924 454 1989 Duas
477 1922 589 1989 secum
613 1921 903 2008 adduxityquique
925 1922 1101 1987 adornaret
1124 1922 1187 1987 sibi

357 2023 405 2090 Vt
428 2025 497 2090 rem
521 2027 669 2091 diuinam
692 2025 799 2103 faciat,
820 2035 879 2090 aut
901 2024 1001 2088 hodie
1023 2023 1081 2090 aut
1102 2024 1183 2089 heri.
1443 2028 1496 2084 130

272 2129 456 2193 DAE.Non
477 2127 595 2205 hercle,
611 2128 813 2206 adulescens,
832 2127 896 2191 iam
920 2124 980 2190 heis
1002 2126 1071 2190 dies
1094 2124 1338 2210 complusculos

360 2231 574 2315 Quemquam
599 2228 672 2296 istic
696 2230 764 2294 uidi
787 2228 1000 2294 sacruficare:
1026 2226 1134 2312 neque
1156 2237 1266 2313 potest

362 2333 458 2399 Clam
483 2333 536 2398 me
559 2355 640 2414 esse,
661 2334 688 2398 si
711 2334 767 2416 qui
790 2331 972 2398 sacruficat.
1001 2329 1131 2416 semper
1153 2341 1270 2416 petunt

287 2513 295 2528 ·
361 2438 496 2522 Aquam
527 2436 603 2502 hinc
636 2448 695 2503 aut
724 2439 835 2523 ignem
862 2446 921 2500 aut
951 2435 1085 2503 uascula
1116 2446 1175 2503 aut
1201 2436 1343 2500 cultrum
1370 2434 1428 2502 airt

448 2562 527 2606 ueru

290 2701 293 2706 .
360 2645 435 2711 Aut
457 2644 567 2710 aulam
590 2654 741 2711 extarem
763 2652 822 2711 aut
845 2643 990 2729 aliquid:
1014 2642 1094 2727 quid
1118 2643 1228 2710 uerbls
1250 2650 1372 2729 opust?
1444 2654 1496 2710 135

359 2747 482 2815 Veneri
505 2751 619 2834 paraui
641 2747 722 2815 uasa
745 2758 779 2813 et
801 2758 947 2832 puteum,
970 2745 1036 2810 n6n
1059 2747 1149 2827 mihi,

361 2854 459 2918 Nunc
483 2851 694 2918 interuallum
717 2853 784 2918 iam
807 2850 868 2916 h6s
890 2850 961 2915 dies
985 2849 1108 2916 multus
1130 2851 1201 2919 fuit.
1276 2848 1278 2852 ’

274 2959 334 3024 PL.
361 2957 410 3024 Vt
432 2955 535 3024 uerba
557 2957 739 3043 praehibes,
762 2954 815 3022 me
838 2956 974 3040 periisse
996 2953 1177 3041 praedicas.

274 3065 367 3129 ΒΑΕ.
382 3062 461 3128 Mea
483 3063 619 3148 quidem
641 3061 750 3128 hercle
772 3059 871 3128 carisa
893 3062 1003 3126 saluos
1025 3060 1070 3127 sis
1093 3060 1178 3128 licet.

275 3168 333 3234 Sc.
365 3169 460 3232 Heus
482 3166 530 3247 tri,
550 3168 607 3250 qui
630 3167 705 3233 fana
729 3165 853 3232 uentris
877 3187 975 3231 causa
998 3162 1158 3242 circumis,
1447 3176 1499 3230 140

363 3270 482 3336 Iubere
506 3270 638 3335 meliust
661 3268 836 3355 prandium
859 3268 970 3334 ornari
992 3270 1094 3333 domi.
1180 3307 1183 3315 -

273 3374 373 3438 ΒΑΕ.
383 3372 540 3439 Fortasse
560 3383 597 3437 tu
619 3373 685 3438 huc
707 3372 844 3438 uocatus
866 3393 901 3437 es
925 3373 967 3437 ad
991 3372 1175 3456 prandium,

273 3477 339 3541 PL.
365 3477 427 3542 lta.

405 3579 501 3644 ΒΑΕ,
527 3578 595 3663 Qui
618 3565 760 3660 uocauit,
780 3578 889 3644 nullus
911 3579 1010 3643 uenit.

513 3674 517 3680 ’
844 3684 904 3748 PL.
927 3657 1135 3749 Admodum.

276 3788 332 3854 Se.
364 3786 537 3852 Nullumst
560 3785 719 3871 periclum
741 3799 776 3854 te
800 3787 876 3853 hinc
899 3789 945 3852 ire
968 3786 1158 3872 inpransum
1181 3787 1328 3852 domum.

362 3888 516 3955 Cererem
540 3899 574 3954 te
597 3889 730 3956 meliust
750 3889 851 3973 quam
873 3890 1038 3956 Venerem
1061 3890 1233 3956 sectatrier:
1445 3897 1498 3952 145

309 4045 364 4093 122.
377 4042 508 4106 exicasque
514 4041 587 4092 codex
598 4041 717 4102 Y’urnebi,
727 4045 879 4101 exigueque
886 4042 919 4102 B,
929 4045 1111 4101 angliaeque
1122 4042 1178 4093 CD.
1223 4045 1382 4091 haumdtne
1389 4042 1429 4103 M,

274 4136 336 4171 corr.
349 4120 411 4170 Par.
535 4121 591 4169 129.
610 4119 657 4182 (t).
779 4120 835 4170 186.
853 4122 948 4172 aulam
959 4119 993 4176 B,
1005 4121 1103 4168 uillam
1116 4119 1172 4169 CD.
1238 4125 1334 4169 extare
1346 4119 1379 4168 B.

276 4197 400 4258 140,141.
420 4194 466 4260 ().
558 4197 614 4247 141.
631 4199 730 4246 lubere
745 4195 811 4248 (712¹.
914 4197 970 4246 142.
988 4195 1068 4247 DAE.
1080 4194 1172 4255 Barth,
1184 4211 1232 4245 om.
1243 4196 1282 4247 M.
1374 4196 1428 4247 148.

275 4274 324 4323 PL.
337 4275 382 4324 lta.
396 4272 476 4323 DAE.
489 4272 540 4335 Qui
553 4273 656 4333 SchozII,
668 4276 723 4322 illu
738 4276 783 4323 rut
793 4275 831 4323 M
843 4273 906 4335 (CI)
918 4272 981 4323 have
997 4281 1065 4338 space
1072 4272 1122 4336 sor
1131 4288 1204 4322 name
1214 4272 1245 4336 of
1255 4273 1355 4336 speaker
1365 4273 1432 4338 aster

274 4351 348 4411 illu).
464 4350 518 4400 144.
539 4353 658 4400 Nullust
673 4351 729 4401 CD.
848 4350 903 4401 146.
922 4351 1037 4400 Cererem
1048 4350 1142 4411 lm,
1154 4365 1264 4409 prorem
1275 4350 1308 4409 B,
1320 4365 1430 4416 pteram

277 4429 333 4478 CD.
399 4428 628 4492 mellusM‚corr.
641 4429 711 4479 Reiz.
777 4430 1058 4492 spectatissimum
1072 4429 1142 4480 Cam.
