3180 5084
225 480 453 550 nun-mn]
671 477 910 541 RVDENS.

390 648 468 714 Non
489 646 554 736 ego
576 647 639 715 illic
660 649 760 729 hodie
780 648 888 717 debeo
908 646 1096 716 triobolum.

391 755 487 820 Meus
510 720 725 852 QZ
735 753 847 841 lingua
868 756 958 840 quod
981 752 1066 820 iuret
1089 773 1173 818 mea.
1381 750 1450 810 1355

390 858 457 924 Sed
481 856 711 925 conticiscam:
744 879 859 924 eccum
881 859 953 924 exit
975 869 1009 925 et
1031 855 1123 924 ducit
1146 877 1270 922 senem.

409 1231 592 1297 GRIPVS.
639 1232 920 1300 DAEMONES.
966 1232 1176 1296 LABRAX.
1248 1230 1251 1238 '

411 1373 597 1426 Plscnuou.
707 1376 838 1428 senex.
1018 1374 1131 1426 nnuo.

222 1485 282 1551 GR.
306 1485 453 1571 Sequere
475 1490 547 1554 hac.

432 1591 530 1654 DAE.
553 1591 620 1657 Vbi
644 1592 717 1657 istic
740 1591 871 1659 lenost?

553 1693 617 1756 GR.
644 1695 738 1759 Heus
761 1705 807 1760 tu.
835 1693 889 1760 em
913 1695 983 1772 tibi,
1006 1695 1059 1759 hic
1081 1694 1183 1758 habet
1206 1691 1366 1758 uidulum.

220 1792 308 1857 ΒΑΕ.
333 1792 453 1859 Habeo
476 1803 510 1858 et
529 1793 635 1859 fateor
656 1795 728 1861 esse
750 1798 839 1881 apud
861 1817 934 1862 me:
962 1805 1004 1872 et,
1021 1794 1050 1862 si
1071 1804 1147 1860 tuos
1169 1803 1228 1873 est,
1243 1792 1366 1858 habeas

432 1896 502 1961 tibi.

304 1977 426 2066 Omnia
448 2011 486 2066 ut
507 2001 654 2085 quidque
675 2000 770 2068 infuit
793 2004 839 2068 ita
860 2001 954 2069 salua
974 2000 1131 2069 sistentur
1151 2000 1220 2066 tibi.

302 2103 402 2185 Tene,
426 2105 453 2171 si
476 2114 579 2172 tuost.
629 2137 631 2144 ·
775 2094 777 2099 ’

394 2241 399 2252 ·
432 2211 496 2274 LA.
521 2210 552 2277 Ο
575 2209 609 2276 di
631 2209 845 2278 Inmortales:
872 2210 965 2277 meus
988 2221 1047 2278 est.
1080 2209 1181 2287 salue,
1201 2208 1320 2276 uiduie.
1380 2215 1449 2274 1360

217 2311 457 2380 Dnss.'1'1iosne
478 2320 550 2380 est?
816 2372 818 2376 ,
1007 2343 1065 2408 Ιώ,
1077 2363 1109 2416 5⁰
1124 2320 1142 2382 ι.
1154 2331 1206 2408 qm

369 2416 432 2481 LA.
458 2416 623 2500 Rogitas?
655 2416 684 2483 si
706 2419 842 2501 quidem
864 2416 1087 2532 hercle(16uis
1112 2403 1193 2510 fuit)
1202 2438 1295 2482 meus
1305 2416 1367 2513 §st
1413 2464 1418 2480 .

517 2527 639 2584 tamen.
1138 2511 1195 2553 *Ν
1219 2549 1288 2563 ···
1303 2509 1332 2550 ⁷*

217 2619 309 2685 ΒΑΕ.
333 2598 458 2686 Omnia
472 2621 583 2686 insunt
600 2619 712 2687 silua:
738 2644 804 2688 una
825 2625 921 2689 istinc
937 2622 1063 2689 cistella
1078 2621 1250 2707 exceptast
1266 2623 1366 2688 modo

304 2721 389 2789 Cium
413 2724 609 2808 crepundiis,
633 2725 830 2809 quibuscum
851 2727 951 2793 hodie
970 2725 1074 2793 filiam
1095 2724 1206 2792 inueni
1226 2747 1343 2792 meam.

217 2826 282 2891 La.
304 2827 438 2912 Quam?

332 2932 425 2995 ΒΑΕ.
448 2932 523 2996 Tua
544 2953 630 3016 quae
651 2932 713 2997 iuit
736 2932 912 3013 Palaestra,
936 2954 975 2998 ea
998 2932 1068 2997 filia
1091 2930 1257 2997 inuentast
1281 2952 1365 2997 mea.

216 3031 281 3095 [Α.
303 3032 392 3097 Bene
415 3033 577 3099 mehercle
599 3032 781 3100 factumst:
812 3055 914 3117 quom
940 3036 1043 3101 istaec
1068 3034 1120 3099 res
1143 3035 1204 3099 tibi
1226 3054 1270 3098 ex
1292 3054 1364 3099 sen-

420 3134 536 3213 ‚tentia
603 3131 604 3134 ‘
1009 3141 1011 3146 ’
1379 3144 1447 3200 1365

303 3235 441 3303 Pulchre
463 3239 584 3317 euenit,
605 3238 746 3322 gaudeo.

520 3343 613 3407 ΒΑΕ.
639 3343 728 3408 Istuc
750 3341 845 3408 facile
868 3364 934 3407 non
956 3340 1054 3408 credo
1076 3342 1147 3407 tibi.

207 3443 280 3507 LA.
301 3422 410 3509 immo
432 3427 550 3522 hercle,
573 3455 610 3510 ut
636 3445 720 3511 sciis
742 3448 887 3529 gaudere
910 3445 972 3526 me,
995 3445 1076 3511 mihi
1099 3443 1278 3510 triobolum

302 3525 359 3613 Ob
382 3569 456 3613 eam
480 3569 521 3614 ne
543 3548 637 3615 duis:
668 3553 822 3615 condono
843 3549 887 3616 te.

778 3655 871 3719 ΒΑΕ.
895 3654 1041 3738 Benigne
1064 3651 1184 3738 edepol
1207 3653 1295 3718 iacis.

248 3823 318 3872 1864.
336 3821 390 3871 illic
400 3822 489 3884 Fleck„
501 3825 547 3872 1111
558 3825 598 3873 M.
659 3827 818 3874 triobolum
830 3825 862 3876 B.
983 3825 1054 3875 1866.
1072 3824 1204 3874 arbitratus
1215 3823 1300 3887 lingua
1311 3823 1364 3884 FZ,

214 3902 368 3949 arbitratus
379 3905 488 3957 tunam
499 3900 540 3960 M,
552 3916 614 3950 corr.
630 3902 710 3961 Cam„
721 3901 809 3951 amb.
943 3903 1015 3952 1866.
1034 3900 1200 3952 conticescam
1210 3901 1263 3958 FZ,
1275 3903 1364 3950 conti-

214 3977 320 4034 ssinoam
331 3977 372 4034 M,
383 3989 445 4024 corr.
459 3976 497 4025 D'
626 3978 697 4031 1867.
715 3992 817 4035 equare
828 3978 879 4027 BC
890 3978 965 4044 (with
975 3983 1043 4042 space
1045 3977 1095 4042 for
1103 3977 1216 4041 capital).
1283 3976 1364 4035 Dm,
1476 4029 1479 4036 ,

215 4052 277 4112 Gn,
294 4053 374 4102 Meci.
392 4052 421 4100 in
439 4053 523 4117 Epist.
542 4052 617 4115 Crit„
633 4069 680 4103 om.
697 4055 737 4103 M.
805 4053 886 4103 lenost
905 4056 985 4114 Cam„
1001 4058 1067 4104 leno
1084 4059 1113 4104 et
1129 4054 1174 4117 (ὁ)
1191 4053 1231 4103 Μ.
1297 4055 1363 4102 hem

216 4129 272 4179 CD.
422 4132 493 4181 1869.
511 4129 618 4196 quidque
630 4131 700 4192 Reiz,
711 4133 849 4190 quioquid
862 4132 919 4193 ΟΒ,
931 4135 995 4190 quit
1005 4134 1069 4190 quit
1080 4132 1113 4182 B.
1191 4129 1263 4180 infuit
1273 4130 1364 4192 Meci„

213 4208 372 4257 inmereM.
528 4210 599 4259 1861.
616 4213 655 4258 est
666 4208 744 4273 (after
754 4210 835 4272 meus)
845 4224 893 4259 om.
905 4210 942 4260 D.
1091 4211 1163 4259 1866.
1181 4210 1365 4257 Beneherole

213 4285 247 4335 B.
296 4289 459 4336 exententia
470 4287 527 4339 BC.
626 4287 698 4341 1867.
714 4300 761 4335 me
771 4288 807 4349 B,
817 4290 873 4337 mei
887 4288 944 4338 CD.
993 4289 1151 4337 tulobulum
1162 4285 1195 4335 B.
1291 4287 1364 4336 1868.

214 4366 279 4413 dius
292 4364 349 4414 CD.
965 4398 970 4404 -
